<record><leader>00000cas a22000007a 4500</leader><controlfield tag="001">14867195</controlfield><controlfield tag="008">861124d19691973wiuwr ne      0    0eng d</controlfield><datafield ind1=" " ind2=" " tag="010"><subfield code="a">sn 86086801 </subfield></datafield><datafield ind1=" " ind2=" " tag="040"><subfield code="a">NPV</subfield><subfield code="b">eng</subfield><subfield code="c">NPV</subfield><subfield code="d">OCLCQ</subfield></datafield><datafield ind1=" " ind2=" " tag="042"><subfield code="a">msc</subfield></datafield><datafield ind1="0" ind2="0" tag="245"><subfield code="a">Muskego-Lakeland hub.</subfield></datafield><datafield ind1="1" ind2="3" tag="246"><subfield code="a">Hub</subfield></datafield><datafield ind1=" " ind2=" " tag="260"><subfield code="a">Hales Corners, Wis. :</subfield><subfield code="b">[Community Newspapers Inc.],</subfield><subfield code="c">1969-1973.</subfield></datafield><datafield ind1=" " ind2=" " tag="300"><subfield code="a">v.</subfield></datafield><datafield ind1=" " ind2=" " tag="310"><subfield code="a">Weekly</subfield></datafield><datafield ind1="0" ind2=" " tag="362"><subfield code="a">No. 381 (Dec. 4, 1969)-no. 489 (Dec. 30, 1971) ; 45th year, no. 1 (Jan. 6, 1972)-46th year, no. 7 (Feb. 15, 1973).</subfield></datafield><datafield ind1=" " ind2=" " tag="515"><subfield code="a">Volume and numbering vary.</subfield></datafield><datafield ind1=" " ind2=" " tag="752"><subfield code="a">United States</subfield><subfield code="b">Wisconsin</subfield><subfield code="c">Waukesha</subfield><subfield code="d">Muskego.</subfield></datafield><datafield ind1=" " ind2=" " tag="752"><subfield code="a">United States</subfield><subfield code="b">Wisconsin</subfield><subfield code="c">Waukesha</subfield><subfield code="d">Lakeland.</subfield></datafield><datafield ind1=" " ind2=" " tag="752"><subfield code="a">United States</subfield><subfield code="b">Wisconsin</subfield><subfield code="c">Milwaukee</subfield><subfield code="d">Hales Corners.</subfield></datafield><datafield ind1="0" ind2="0" tag="780"><subfield code="t">Tri-town hub (Hales Corners, Wis. : 1967 : Muskego ed.)</subfield><subfield code="w">(DLC)sn 86086800</subfield></datafield><datafield ind1="0" ind2="0" tag="785"><subfield code="t">Sun (Hales Corners, Wis.)</subfield></datafield></record>